% SPDX-FileCopyrightText: 2022 Severen Redwood <me@severen.dev>
% SPDX-License-Identifier: CC0-1.0

@book{pierce02,
  title = {Types and Programming Languages},
  author = {Benjamin C. Pierce},
  date = {2002},
  publisher = {MIT Press},
}

@book{hindley_seldin08,
  title = {Lambda-Calculus and Combinators, an Introduction},
  author = {J. Roger Hindley and Jonathan P. Seldin},
  date = {2008},
  publisher = {Cambridge University Press},
}

@incollection{stanford_lambda,
  title = {{The Lambda Calculus}},
  booktitle = {The {Stanford} Encyclopedia of Philosophy},
  author = {Jesse Alama and Johannes Korbmacher},
  editor = {Edward N. Zalta},
  url = {https://plato.stanford.edu/archives/sum2021/entries/lambda-calculus/},
  date = {2021},
  edition = {Summer 2021},
  publisher = {Metaphysics Research Lab, Stanford University}
}

@article{church32,
  journaltitle = {Annals of Mathematics},
  title = {A Set of Postulates for the Foundation of Logic},
  author = {Alonzo Church},
  date = {1932-05},
  series = {2},
  volume = {33},
  number = {2},
  pages = {346-366},
  doi = {10.2307/1968337},
}

@article{church33,
  journaltitle = {Annals of Mathematics},
  title = {A Set of Postulates for the Foundation of Logic},
  subtitle = {Second Paper},
  author = {Alonzo Church},
  date = {1933-10},
  series = {2},
  volume = {34},
  number = {4},
  pages = {839-864},
  doi = {10.2307/1968702},
}

@article{church36,
  journaltitle = {American Journal of Mathematics},
  title = {An Unsolvable Problem of Elementary Number Theory},
  author = {Alonzo Church},
  date = {1936-10},
  volume = {58},
  number = {2},
  pages = {345-363},
  doi = {10.2307/2371045},
}

@article{debruijn_72,
  journaltitle = {Indagationes Mathematicae},
  title = {Lambda Calculus Notation with Nameless Dummies: A Tool for Automatic Formula Manipulation, with Application to the Church-Rosser Theorem},
  author = {Nicolaas Govert {de Bruijn}},
  date = {1972},
  volume = {75},
  number = {5},
  pages = {381-392},
  doi = {10.1016/1385-7258(72)90034-0},
}

@article{jones_marlow02,
  journaltitle = {Journal of Functional Programming},
  title = {Secrets of the Glasgow Haskell Compiler inliner},
  author = {Simon Peyton Jones and Simon Marlow},
  date = {1999-09-01},
}
